<?xml version="1.0" encoding="UTF-8"?><collection xmlns="http://www.loc.gov/MARC21/slim"><record><leader>00688nam--2200181-i-4500</leader><controlfield tag="001">000043942</controlfield><controlfield tag="002">20161230</controlfield><controlfield tag="005">20161230201044</controlfield><controlfield tag="008">060222s1000------------r-----000-0-eng-d</controlfield><datafield ind1=" " ind2=" " tag="040"><subfield code="a">IFIN-HH</subfield></datafield><datafield ind1=" " ind2=" " tag="080"><subfield code="a">533.3.082.5(047.3)</subfield></datafield><datafield ind1="1" ind2=" " tag="100"><subfield code="a">Taylor, P.O</subfield></datafield><datafield ind1="1" ind2="0" tag="245"><subfield code="a">Development of a high resolution, high sensitivity cylindrical crystal spectrometer for line shape diagnostics of x-rays emited from hot plamas</subfield><subfield code="b">Progress report for the period 1 august 1977 - 31 july 1978</subfield><subfield code="c">P.o. taylor, h. schnopper</subfield></datafield><datafield ind1=" " ind2=" " tag="260"><subfield code="a">Argonne, Energy Research And Development Administration, 1978</subfield></datafield><datafield ind1=" " ind2=" " tag="300"><subfield code="a">IV+20P.+5 FIG</subfield></datafield><datafield ind1="1" ind2=" " tag="700"><subfield code="a">Schnopper, H</subfield></datafield><datafield ind1=" " ind2=" " tag="852"><subfield code="a">70762</subfield><subfield code="c">533.9</subfield></datafield><datafield ind1=" " ind2=" " tag="CAT"><subfield code="a">Sys</subfield><subfield code="c">20100930</subfield><subfield code="h">131233</subfield></datafield></record></collection>